@misc{1ONS,
  author = {ONS},
  title = {{Adult smoking habits in the UK: 2019}},
  howpublished = "\url{https://shorturl.at/qQW27}",
  year = {2019}
}

@misc{2ONS,
  author = {ONS},
  title = {{Alcohol-specific deaths in the UK: registered in 2019}},
  howpublished = "\url{https://shorturl.at/gqxY1}",
  year = {2019}
}

@misc{Main,
  author = {NatCen Social Research, University College London, Department of Epidemiology and Public Health},
  title = {{Health Survey for England}},
  howpublished = "\url{http://doi.org/10.5255/UKDA-SN-8860-1}",
  year = {2019}
}

@misc{GovUK,
  author = {GOV.UK},
  title = {{Tax on shopping and services}},
  howpublished = "\url{https://www.gov.uk/tax-on-shopping/alcohol-tobacco}",
  year = {2014}
}
